<record><leader>00000cas a22000007a 4500</leader><controlfield tag="001">15250108</controlfield><controlfield tag="008">870227d18521853pauwr ne      0    0eng d</controlfield><datafield ind1=" " ind2=" " tag="010"><subfield code="a">sn 87079996 </subfield></datafield><datafield ind1=" " ind2=" " tag="040"><subfield code="a">NPH</subfield><subfield code="b">eng</subfield><subfield code="c">NPH</subfield><subfield code="d">KRTAS</subfield><subfield code="d">OCLCQ</subfield><subfield code="d">DLC</subfield><subfield code="d">OCLCF</subfield></datafield><datafield ind1=" " ind2=" " tag="042"><subfield code="a">msc</subfield></datafield><datafield ind1=" " ind2=" " tag="043"><subfield code="a">n-us-pa</subfield></datafield><datafield ind1="0" ind2=" " tag="130"><subfield code="a">Mountain Democrat (Ebensburg, Pa.)</subfield></datafield><datafield ind1="1" ind2="4" tag="245"><subfield code="a">The mountain Democrat.</subfield></datafield><datafield ind1=" " ind2=" " tag="260"><subfield code="a">Ebensburg, Pa. :</subfield><subfield code="b">R. White &amp; H.C. Devine</subfield></datafield><datafield ind1=" " ind2=" " tag="300"><subfield code="a">v. ;</subfield><subfield code="c">54 cm.</subfield></datafield><datafield ind1=" " ind2=" " tag="310"><subfield code="a">Weekly</subfield></datafield><datafield ind1="1" ind2=" " tag="362"><subfield code="a">Began with July 16, 1852 issue; ceased with Aug. 19, 1853 issue.</subfield><subfield code="z">Cf. Rossell, G. Pa. newspapers.</subfield></datafield><datafield ind1=" " ind2=" " tag="500"><subfield code="a">"A family paper--devoted to politics, literature, domestic &amp; foreign news, agriculture &amp; amusement."</subfield></datafield><datafield ind1=" " ind2=" " tag="588"><subfield code="a">Description based on: Vol. 1, no. 4 (Aug. 4, 1852).</subfield></datafield><datafield ind1=" " ind2="0" tag="651"><subfield code="a">Ebensburg (Pa.)</subfield><subfield code="v">Newspapers.</subfield></datafield><datafield ind1=" " ind2="7" tag="655"><subfield code="a">Newspapers.</subfield><subfield code="2">fast</subfield><subfield code="0">(OCoLC)fst01423814</subfield></datafield><datafield ind1=" " ind2="7" tag="651"><subfield code="a">Pennsylvania</subfield><subfield code="z">Ebensburg.</subfield><subfield code="2">fast</subfield><subfield code="0">(OCoLC)fst01233481</subfield></datafield><datafield ind1=" " ind2=" " tag="752"><subfield code="a">United States</subfield><subfield code="b">Pennsylvania</subfield><subfield code="c">Cambria</subfield><subfield code="d">Ebensburg.</subfield></datafield><datafield ind1="0" ind2="7" tag="785"><subfield code="t">Mountain sentinel (Ebensburg, Pa.)</subfield><subfield code="x">2327-6630</subfield><subfield code="w">(DLC)sn 86071377</subfield><subfield code="w">(OCoLC)13488274</subfield></datafield><datafield ind1="0" ind2="7" tag="785"><subfield code="t">Democrat and sentinel (Ebensburg, Pa.)</subfield><subfield code="x">2327-6754</subfield><subfield code="w">(DLC)sn 86071378</subfield><subfield code="w">(OCoLC)12685114</subfield></datafield><datafield ind1=" " ind2=" " tag="938"><subfield code="a">Kirtas Technologies, Inc.</subfield><subfield code="b">KRTS</subfield><subfield code="n">740059</subfield></datafield></record>